<record><leader>01037cad a2200241Ia 4500</leader><controlfield tag="005">20200827112250.0</controlfield><controlfield tag="008">961021s1949    mau           000 0 eng d</controlfield><controlfield tag="001">9939073273506421</controlfield><datafield tag="035" ind1=" " ind2=" "><subfield code="a">3907327</subfield></datafield><datafield tag="035" ind1=" " ind2=" "><subfield code="a">(OCoLC)ocm83557370</subfield><subfield code="z">(OCoLC)ocm35765749</subfield><subfield code="0">(uri) http://www.worldcat.org/oclc/83557370</subfield><subfield code="0">(uri) http://www.worldcat.org/oclc/35765749</subfield></datafield><datafield tag="035" ind1=" " ind2=" "><subfield code="a">(NjP)3907327-princetondb</subfield></datafield><datafield tag="035" ind1=" " ind2=" "><subfield code="z">(OCoLC)35765749</subfield><subfield code="0">(uri) http://www.worldcat.org/oclc/35765749</subfield></datafield><datafield tag="040" ind1=" " ind2=" "><subfield code="a">TOL</subfield><subfield code="c">TOL</subfield><subfield code="d">OCLCQ</subfield><subfield code="d">NjP</subfield></datafield><datafield tag="090" ind1=" " ind2=" "><subfield code="a">PS3545.E6</subfield><subfield code="b">Z446x 1949</subfield></datafield><datafield tag="019" ind1=" " ind2=" "><subfield code="a">35765749</subfield></datafield><datafield tag="100" ind1="1" ind2=" "><subfield code="a">Welty, Eudora,</subfield><subfield code="d">1909-2001.</subfield><subfield code="0">http://id.loc.gov/authorities/names/n79038434</subfield><subfield code="0">(uri) http://id.loc.gov/authorities/names/n79038434</subfield><subfield code="0">(uri) http://viaf.org/viaf/sourceID/LC|n79038434</subfield></datafield><datafield tag="245" ind1="1" ind2="4"><subfield code="a">The reading and writing of short stories /</subfield><subfield code="c">by Eudora Welty.</subfield></datafield><datafield tag="260" ind1=" " ind2=" "><subfield code="a">[Boston, Mass. :</subfield><subfield code="b">Atlantic,</subfield><subfield code="c">1949]</subfield></datafield><datafield tag="300" ind1=" " ind2=" "><subfield code="a">2 v. ;</subfield><subfield code="c">28 cm.</subfield></datafield><datafield tag="500" ind1=" " ind2=" "><subfield code="a">A two-part essay in Atlantic vol. 183, no. 2 (February 1949): pp. 54-58; and vol. 183, no. 3 (March 1949): pp. 46-49.</subfield></datafield><datafield tag="541" ind1=" " ind2=" "><subfield code="c">Purchase:</subfield><subfield code="a">Richard M. Ludwig Endowment donated by Michael Spence,</subfield><subfield code="d">2003.</subfield><subfield code="5">NjP</subfield></datafield><datafield tag="730" ind1="0" ind2=" "><subfield code="a">Atlantic (Boston, Mass. : 1932)</subfield></datafield><datafield tag="773" ind1="0" ind2=" "><subfield code="7">nnas</subfield><subfield code="t">Atlantic.</subfield><subfield code="g">Vol. 183, no. 2 (February 1949)</subfield><subfield code="w">992953283506421</subfield><subfield code="x">0160-6506.</subfield></datafield><datafield tag="773" ind1="0" ind2=" "><subfield code="7">nnas</subfield><subfield code="a">Atlantic.</subfield><subfield code="g">Vol. 183, no. 3 (March 1949)</subfield><subfield code="w">992953283506421</subfield><subfield code="x">0160-6506.</subfield></datafield><datafield tag="904" ind1=" " ind2=" "><subfield code="a">hs</subfield><subfield code="b">g</subfield><subfield code="h">m</subfield><subfield code="c">s</subfield><subfield code="e">20030605</subfield></datafield><datafield tag="950" ind1=" " ind2=" "><subfield code="b">2020-12-02 15:52:35 US/Eastern</subfield><subfield code="a">false</subfield></datafield><datafield tag="852" ind1="0" ind2=" "><subfield code="b">rare</subfield><subfield code="c">ex</subfield><subfield code="h">PS3545.E6</subfield><subfield code="i">R423 1949</subfield><subfield code="k">Oversize</subfield><subfield code="8">22194147770006421</subfield></datafield><datafield tag="866" ind1=" " ind2=" "><subfield code="a">2 v.</subfield><subfield code="8">22194147770006421</subfield></datafield><datafield tag="952" ind1=" " ind2=" "><subfield code="a">2020-12-02 20:52:35</subfield><subfield code="8">22194147770006421</subfield><subfield code="b">Rare Books and Special Collections</subfield><subfield code="c">ex Rare Books</subfield><subfield code="e">false</subfield></datafield><datafield tag="876" ind1=" " ind2=" "><subfield code="0">22194147770006421</subfield><subfield code="a">23194147760006421</subfield><subfield code="j">1</subfield><subfield code="i">0</subfield><subfield code="d">2020-12-02 20:52:35</subfield><subfield code="h">Oversize PS3545.E6 R423 1949</subfield><subfield code="t">1</subfield></datafield><datafield tag="876" ind1=" " ind2=" "><subfield code="0">22194147770006421</subfield><subfield code="a">23194147750006421</subfield><subfield code="j">1</subfield><subfield code="i">0</subfield><subfield code="d">2020-12-02 20:52:35</subfield><subfield code="h">Oversize PS3545.E6 R423 1949</subfield><subfield code="t">1</subfield></datafield></record>